@ARTICLE{roxburgh_1989,
       author = {{Roxburgh}, I.~W.},
        title = "{Integral constraints on convective overshooting}",
      journal = {\aap},
     keywords = {Convection, Stellar Evolution, Stellar Models, Dissipation, Fluid Dynamics, Mixing Length Flow Theory, Nonadiabatic Conditions, Stellar Structure, Astrophysics},
         year = 1989,
        month = mar,
       volume = {211},
       number = {2},
        pages = {361-364},
       adsurl = {https://ui.adsabs.harvard.edu/abs/1989A&A...211..361R},
      adsnote = {Provided by the SAO/NASA Astrophysics Data System}
}

@ARTICLE{anders_brown_2017,
       author = {{Anders}, Evan H. and {Brown}, Benjamin P.},
        title = "{Convective heat transport in stratified atmospheres at low and high Mach number}",
      journal = {Physical Review Fluids},
     keywords = {Physics - Fluid Dynamics, Astrophysics - Earth and Planetary Astrophysics, Astrophysics - Solar and Stellar Astrophysics},
         year = 2017,
        month = aug,
       volume = {2},
       number = {8},
          eid = {083501},
        pages = {083501},
          doi = {10.1103/PhysRevFluids.2.083501},
archivePrefix = {arXiv},
       eprint = {1611.06580},
 primaryClass = {physics.flu-dyn},
       adsurl = {https://ui.adsabs.harvard.edu/abs/2017PhRvF...2h3501A},
      adsnote = {Provided by the SAO/NASA Astrophysics Data System}
}


